
@Book{Probability,
  title={Introduction to Probability},
  author={{Madhuka~Gamage~and~Rajinda~Wickrama}},
  year={2025},
  annote  = {. Retrieved on March 30, 2025.},
  url ={https://openprobabilitytext.github.io/introprob/index.html}
}


@Book{shortname,
  editor    = {authors},
  publisher = {publisher},
  title     = {title},
  year      = {2011},
  series    = {series},
  file      = {filename}, 
  owner     = {owner},
  timestamp = {timestamp},
}

@Article{shortname,
  author    = {author},
  journal   = {journal},
  title     = {title},
  year      = {1978},
  number    = {4},
  pages     = {701--726},
  volume    = {6},
  publisher = {publisher},
}



@InProceedings{shortname,
  author    = {authors},
  booktitle = {booktitle},
  title     = {title},
  year      = {2013},
  pages     = {151-155},
  owner     = {owner},
  timestamp = {timestampt},
}


@Manual{shortname,
  title      = {title},
  author     = {authors},
  note       = {Rpackages},
  year       = {2018},
  bdsk-url-1 = {CRANaddress},
  url        = {CRANaddress},
}

@Comment{jabref-meta: databaseType:bibtex;}

@Comment{jabref-meta: saveOrderConfig:specified;author;false;year;false;abstract;false;}
